%% This BibTeX bibliography file was created using BibDesk.
%% http://bibdesk.sourceforge.net/


%% Created for Chris Ponticello at 2014-06-09 18:56:03 +1000 


%% Saved with string encoding Unicode (UTF-8) 



@misc{gbst-logo,
	Author = {GBST},
	Date-Added = {2014-06-08 13:31:30 +0000},
	Date-Modified = {2014-06-08 13:32:14 +0000},
	Howpublished = {Internet},
	Keywords = {logo},
	Month = {June},
	Title = {GBST Logo},
	Year = {2014}}

@misc{gbstlogo,
	Author = {GBST},
	Date-Added = {2014-06-08 13:09:55 +0000},
	Date-Modified = {2014-06-08 21:03:47 +0000},
	Howpublished = {Internet},
	Keywords = {GBST},
	Lastchecked = {08/06/2014},
	Month = {June},
	Rating = {0},
	Read = {0},
	Title = {Logo},
	Url = {http://tex.stackexchange.com/questions/8465/article-vs-report},
	Year = {2014},
	Bdsk-Url-1 = {http://tex.stackexchange.com/questions/8465/article-vs-report}}
